@misc{Wiki,
  author  = {{Agda Development Team}},
  title   = {{The Agda Wiki website}},
  howpublished = {wiki Agda},
  year    = {2014}
}